@article{charrett_wpos,
author = {Charrett, Thomas O.H., Thomas Kissinger, and Ralph P. Tatam.},
doi = {https://doi.org/10.1016/j.procir.2019.02.078},
journal = {Procedia CIRP},
title = {Workpiece Positioning Sensor (WPOS): A Three-Degree-of-Freedom Relative End-Effector Positioning Sensor for Robotic Manufacturing.},
pages = {620-625},
volume = {79},
year = {2007}
}

@article{smid_2007,
author = {Šmíd, Petr and Pavel Horváth and Miroslav Hrabovský.},
doi = {https://doi.org/10.1364/AO.46.003709},
journal = {Applied Optics},
title = {Speckle Correlation Method Used to Measure Object’s in-Plane Velocity.},
pages = {3709-3715},
volume = {46},
number = {18},
year = {2007}
}

@article{nagai,
author = {Nagai, I and K Watanabe and K Nagatani and K Yoshida.},
doi = {https://doi.org/10.1109/IROS.2010.5650346},
journal = {IEEE/RSJ International Conference on Intelligent Robots and Systems},
title = {Noncontact Position Estimation Device with Optical Sensor and Laser Sources for Mobile Robots Traversing Slippery Terrains.},
pages = {3422-27},
volume = {31},
number = {3},
year = {2010}
}

@article{cloud,
author = {Cloud, Gary.},
doi = {https://doi.org/10.1111/j.1747-1567.2007.00201.x},
journal = {Experimental Techniques},
title = {Optical Methods in Experimental Mechanics.: Part 27: Speckle Size Estimates.},
pages = {19--22},
volume = {31},
number = {3},
year = {2007}
}

@article{lewis,
author = {Lewis, J.P.},
journal = {Vision Interface},
title = {Fast Template Matching.},
pages = {120-123},
volume = {95},
year = {1995}
}

@article{bandari,
author = {Bandari, Yashwanth K and Thomas O H Charrett and Florent Michel and Jialuo Ding, and Ralph P Tatam.},
note = {\url{https://dspace.lib.cranfield.ac.uk/handle/1826/12561}},
journal = {University of Texas, Austin, TX, USA},
title = {Compensation Strategies for Robotic Motion Errors for Additive Manufacturing (AM)},
year = {2016}
}

@article{sjoedahl,
author = {Sjödahl, Mikael, and Erik Olsson.},
doi = {https://doi.org/10.3390/digital1010004},
journal = {Digital},
title = {Robustness of Laser Speckles as Unique Traceable Markers of Metal Components.},
pages = {54-63},
volume = {1},
number = {1},
year = {2021}
}

@article{song,
author = {Song, Jinlian and Jianhong Yang and Fujia Liu and Kefei Lu.},
doi = {https://doi.org/10.1016/j.optlaseng.2019.105822},
journal = {Optics and Lasers in Engineering},
title = {Quality Assessment of Laser Speckle Patterns for Digital Image Correlation by a Multi-Factor Fusion Index.},
pages = {105822},
volume = {124},
number = {4},
year = {2020}
}

@article{nan_wu,
author = {Wu, Nan and S. Haruyama},
doi = {https://doi.org/10.1364/OE.383442},
journal = {Optics Express},
title = {Real-Time Audio Detection and Regeneration of Moving Sound Source Based on Optical Flow Algorithm of Laser Speckle Images.},
pages = {4475-4488},
volume = {28},
number = {4},
year = {2020}
}

@article{farsad,
author = {Farsad, Mahsa and Chris Evans and Faramarz Farahi},
doi = {https://doi.org/10.1364/OE.23.014960},
journal = {Optics Express},
title = {Robust Sub-Micrometer Displacement Measurement Using Dual Wavelength Speckle Correlation.},
pages = {14960-14972},
volume = {23},
number = {11},
year = {2015}
}

@article{filter,
author = {Filter, Robert and Toralf Scharf and Hans Peter Herzig},
doi = {https://doi.org/10.2971/jeos.2010.10035s},
journal = {Journal of the European Optical Society: Rapid Publications},
title = {High Resolution Displacement Detection by Speckle Pattern Analysis: Accuracy Limits in Linear Displacement Speckle Metrology.},
pages = {10035s},
volume = {5},
year = {2010}
}

@article{francis_autonomous,
author = {Francis, D. and T. O. H. Charrett and L. Waugh and R. P. Tatam},
doi = {https://doi.org/10.1364/AO.51.003478},
journal = {Applied Optics},
title = {Objective Speckle Velocimetry for Autonomous Vehicle Odometry.},
pages = {3478-3490},
volume = {51},
number = {16},
year = {2012}
}

@article{charrett_mars,
author = {Charrett, T O H and L Waugh and R P Tatam},
doi = {https://doi.org/10.1088/0957-0233/21/2/025301},
journal = {Measurement Science and Technology},
title = {Speckle Velocimetry for High Accuracy Odometry for a Mars Exploration Rover.},
pages = {025301},
volume = {21},
number = {2},
year = {2010}
}


@article{hu,
author = {Hu, Wenxin and Zhipeng Sheng and Keyu Yan and Hong Miao and Yu Fu},
doi = {https://doi.org/10.3390/s21144728},
journal = {Sensors},
title = {A New Pattern Quality Assessment Criterion and Defocusing Degree Determination of Laser Speckle Correlation Method.},
pages = {4728},
volume = {21},
number = {14},
year = {2021}
}

@article{charrett_extended_theory,
author = {Charrett, Thomas O. H. and Ralph P. Tatam.},
doi = {https://doi.org/10.1364/OE.22.025466},
journal = {Optics Express},
title = {Objective Speckle Displacement: An Extended Theory for the Small Deformation of Shaped Objects.},
pages = {25466-25480},
volume = {22},
number = {21},
year = {2014}
}

@article{charrett_2018,
author = {Charrett, Thomas O.H. and Yashwanth K. Bandari and Florent Michel and Jialuo Ding and Stewart W. Williams and Ralph P. Tatam},
doi = {https://doi.org/10.1016/j.rcim.2018.04.007},
journal = {Robotics and Computer-Integrated Manufacturing},
title = {A Non-Contact Laser Speckle Sensor for the Measurement of Robotic Tool Speed.},
pages = {187-196},
volume = {53},
year = {2018}
}

@article{charrett_2019,
author = {Charrett, Thomas and Ralph Tatam.},
doi = {https://doi.org/10.3390/s19102389},
journal = {Sensors},
title = {Performance and Analysis of Feature Tracking Approaches in Laser Speckle Instrumentation.},
pages = {2389 (1--24)},
volume = {19},
number = {10},
year = {2019}
}

@article{briers,
author = {Briers, David and Donald D. Duncan and Evan Hirst and Sean J. Kirkpatrick and Marcus Larsson and Wiendelt Steenbergen and Tomas Stromberg and Oliver B. Thompson},
doi = {https://doi.org/10.1117/1.JBO.18.6.066018},
journal = {Journal of Biomedical Optics},
title = {Laser Speckle Contrast Imaging: Theoretical and Practical Limitations.},
pages = {066018},
volume = {18},
number = {6},
year = {2013}
}

@article{dainty,
author = {J.C. Dainty},
doi = {https://doi.org/10.1016/S0079-6638(08)70249-X},
journal = {Progress in Optics},
title = {I The Statistics of Speckle Patterns},
pages = {1-46},
volume = {14},
year = {1977}
}

@article{francis,
author = {Francis D. and T. O. H. Charrett and L. Waugh and R. P. Tatam},
doi = {https://doi.org/10.1364/AO.51.003478},
journal = {Applied Optics},
title = {Objective Speckle Velocimetry for Autonomous Vehicle Odometry},
volume = {51},
number = {16},
year = {2012}
}

@article{perez,
author = {Pérez, Luis and Íñigo Rodríguez and Nuria Rodríguez and Rubén Usamentiaga and Daniel García},
doi = {https://doi.org/10.3390/s16030335},
journal = {Sensors},
title = {Robot Guidance Using Machine Vision Techniques in Industrial Environments},
volume = {16},
number = {3},
year = {2016}
}

@article{torgny,
author = {Brogårdh, Torgny},
doi = {https://doi.org/10.1016/j.arcontrol.2007.01.002},
journal = {Annual Reviews in Control},
title = {Present and Future Robot Control Development—An Industrial Perspective.},
volume = {31 (1)},
year = {2007}
}

@article{chen,
author = {Y. Chen and F. Dong},
doi = {https://doi.org/10.1007/s00170-012-4433-4},
journal = {Int J Adv Manuf Technol},
pages = {1489-1497},
title = {Robot machining: recent development and future research issues},
volume = {66},
year = {2013}
}

@article{ji,
author = {Ji, Wei, and Lihui Wang},
doi = {https://doi.org/10.1007/s00170-019-03403-z},
journal = {The International Journal of Advanced Manufacturing Technology},
pages = {1239-1255},
title = {Industrial robotic machining: a review},
volume = {103},
year = {2019}
}

@misc{optech,
  author = {{Optech Consulting}},
  title  = {2021 Laser Market Data},
  note = {Accessed April 14, 2023. \url{https://optech-consulting.com/2021_laser_market_data/}}
}

@misc{opencv,
  author = {OpenCV},
  title  = {Open Source Computer Vision Library},
  note = {Available Online. Accessed April 16, 2023. \url{https://opencv.org/}}
}

@article{greenway,
author = {Greenway, Bryan},
doi = {https://doi.org/10.1108/01439910010372136},
journal = {Industrial Robot: An International Journal},
pages = {257-265},
title = {Robot Accuracy},
volume = {27},
year = {2000}
}

@book{raffel,
  title = {Particle Image Velocimetry: A Practical Guide},
  author = {Raffel, M. and C.E. Willert and S. Wereley and J. Kompenhans},
  doi = {https://doi.org/10.1007/978-3-540-72308-0},
  isbn = {978-3-642-43166-1},
  year = {2007},
  publisher = {Springer Berlin, Heidelberg},
}

@misc{img_walderich,
  author = {Walderich, Philipp},
  title = {Attained path of a Universal Robot UR5e compared to command path (left) and the resulting specimen during laser cutting (right)},
  note = {Image licensed under CC BY 4.0: \url{https://creativecommons.org/licenses/by/4.0/}}
}

@misc{img_gorissen,
  author = {Gorißen, Leon},
  title = {Laser Speckle Pattern capture using a camera},
  note = {Image licensed under CC BY 4.0: \url{https://creativecommons.org/licenses/by/4.0/}}
}

@misc{img_diffuse,
author  = {Wikimedia Commons},
title   = {Diffuse and Specular Reflection},
note = {Image licensed under CC BY 2.0: \url{https://creativecommons.org/licenses/by-sa/3.0/deed.en}}
}

@misc{img_card,
author  = {Wikimedia Commons},
title   = {An Old Pit Card (2846598567).jpg},
note = {Image licensed under CC BY 2.0: \url{https://creativecommons.org/licenses/by/2.0/deed.en}}
}

@misc{img_diffraction_slit,
author  = {Wikimedia Commons},
title   = {File:Wave Diffraction 4Lambda Slit.png},
year    = {2010},
note = {Accessed on 02.05.2023, \url{https://commons.wikimedia.org/wiki/File:Wave_Diffraction_4Lambda_Slit.png}}
}

@misc{img_airy_disk,
author  = {Wikimedia Commons},
title   = {File:Beugungsscheibchen.k.420.jpg},
year    = {2017},
note = {Accessed on 02.05.2023, \url{https://commons.wikimedia.org/wiki/File:Beugungsscheibchen.k.720.jpg}}
}

@misc{img_green_laser,
author  = {Marie Gardiner},
title   = {A Photographer's Guide to Light: Noticing Diffuse Reflection},
year    = {2022},
note = {Accessed on 14.04.2023, \url{https://photography.tutsplus.com/tutorials/what-is-diffuse-reflection--cms-29135}}
}

@misc{img_white_paper,
author  = {Marie Gardiner},
title   = {A Photographer's Guide to Light: Noticing Diffuse Reflection},
year    = {2022},
note = {Accessed on 14.04.2023, \url{https://photography.tutsplus.com/tutorials/what-is-diffuse-reflection--cms-29135}}
}

@misc{mako_camera,
author = {{Allied Vision}},
note = {Accessed on 07.09.2023, \url{https://www.alliedvision.com/en/camera-selector/detail/mako/g-040/}}
}

@misc{thorlabs_laser,
author = {ThorLabs},
note = {Accessed on 07.09.2023, \url{https://www.thorlabs.de/thorproduct.cfm?partnumber=CPS635F}}
}

@misc{thorlabs_bandpass_filter,
author = {ThorLabs},
note = {Accessed on 07.09.2023, \url{https://www.thorlabs.com/thorproduct.cfm?partnumber=FLH635-10}}
}

@misc{edmund_optics_lens,
author = {Edmund Optics},
note = {Accessed on 07.09.2023, \url{https://www.edmundoptics.com/p/25mm-uc-series-fixed-focal-length-lens/2971/}}
}